@inproceedings{PetrovicMikic2015,
author = {Petar Petrovi{\'c} and Mika Miki{\'c}},
title = {Nau{\v c}ni rad},
booktitle = {Konferencija iz matematike i ra{\v c}unarstva},
year = {2015},
editor = {Miloje Milojevi{\'c}},
language = {serbian},
hyphenation = {serbian}
}

@article{GuSh:243,
author = {Gurevich, Yuri and Shelah, Saharon},
ams-subject = {(05C80)},
fromwhere = {1,IL},
journal = {SIAM Journal on Computing},
review = {MR 88i:05162},
pages = {486--502},
title = {{Expected computation time for Hamiltonian path problem}},
volume = {16},
year = {1987},
language = {english},
hyphenation = {english}
}

@misc{gcc,
title = {{GNU gcc}},
note = {on-line at: \url{http://gcc.gnu.org/}},
     author = {Free Software Foundation},
     year = {2013}
}


@misc{mostloved_so,
     title = {{Stack Overflow Developer Survey}},
     note = {on-line at: \url{https://insights.stackoverflow.com/survey/2020}},
     year = {2020}
}

@misc{aws,
     title = {{Why AWS loves Rust, and how weâ€™d like to help}},
     note = {on-line at: \url{https://aws.amazon.com/blogs/opensource/why-aws-loves-rust-and-how-wed-like-to-help/}},
     author = {Matt Asay},
     year = {2020}
}

@misc{crosvm,
     title = {{crosvm}},
     note = {on-line at: \url{https://opensource.google/projects/crosvm}},
}

@misc{edgelet,
     title = {{IoT Edge Security Daemon edgelet}},
     note = {on-line at: \url{https://github.com/Azure/iotedge/tree/master/edgelet}},
}

@misc{npm,
     title = {{Rust Case Study: Community makes Rust an easy choice for npm}},
     note = {on-line at: \url{https://www.rust-lang.org/static/pdfs/Rust-npm-Whitepaper.pdf}},
}

@misc{stable_rust,
     title = {{Announcing Rust 1.0}},
     note = {on-line at: \url{https://blog.rust-lang.org/2015/05/15/Rust-1.0.html}},
}

@misc{thanks_rust,
     title = {{Rust contributors}},
     note = {on-line at: \url{https://thanks.rust-lang.org/}},
}

@misc{history_rust,
     title = {{The History of Rust}},
     note = {on-line at: \url{https://dl.acm.org/doi/10.1145/2959689.2960081}},
     author = {Steve Klabnik},
     year = {2016}
}
